@book{abramowitz,
   title		= {Handbook of Mathematical Functions},
   author	= {Milton Abramowitz and Irene A. Stegun},
   address	= {Washington, D.C.},
   publisher	= {NBS},
   year		= {1972},
   edition	= {10},
}

@article{bar1982exponential,
  title={An exponential subfamily which admits UMPU tests based on a single test statistic},
  author={Bar-Lev, Shaul K and Reiser, Benjamin},
  journal={The Annals of Statistics},
  pages={979--989},
  year={1982},
  publisher={JSTOR}
}



@article{bernardo1979a,
  title={Reference posterior distributions for Bayesian inference},
  author={Bernardo, Jose M},
  journal={Journal of the Royal Statistical Society. Series B (Methodological)},
  pages={113--147},
  year={1979},
  publisher={JSTOR}
}

@article{bernardo2005,
  title={Reference analysis},
  author={Bernardo, Jos{\'e} M},
  journal={Handbook of statistics},
  volume={25},
  pages={17--90},
  year={2005},
  publisher={Elsevier}
}

@article{berger1989estimating,
  title={Estimating a product of means: Bayesian analysis with reference priors},
  author={Berger, James O and Bernardo, Jos{\'e} M},
  journal={Journal of the American Statistical Association},
  volume={84},
  number={405},
  pages={200--207},
  year={1989},
  publisher={Taylor \& Francis}
}

@article{berger1992ordered,
  title={Ordered group reference priors with application to the multinomial problem},
  author={Berger, James O and Bernardo, Jos{\'e} M},
  journal={Biometrika},
  volume={79},
  number={1},
  pages={25--37},
  year={1992},
  publisher={Biometrika Trust}
}

@incollection{berger1992reference,
  title={Reference priors in a variance components problem},
  author={Berger, James O and Bernardo, Jos{\'e} M},
  booktitle={Bayesian Analysis in Statistics and Econometrics},
  pages={177--194},
  year={1992},
  publisher={Springer}
}


@article{berger1992development,
  title={On the development of reference priors},
  author={Berger, James O and Bernardo, Jos{\'e} M and others},
  journal={Bayesian statistics},
  volume={4},
  number={4},
  pages={35--60},
  year={1992}
}
@article{berger2015,
  title={Overall objective priors},
  author={Berger, James O and Bernardo, Jose M and Sun, Dongchu and others},
  journal={Bayesian Analysis},
  volume={10},
  number={1},
  pages={189--221},
  year={2015},
  publisher={International Society for Bayesian Analysis}
}

@article{berger2015a,
  title={Overall objective priors},
  author={Berger, James O and Bernardo, Jose M and Sun, Dongchu and others},
  journal={Bayesian Analysis},
  volume={10},
  number={1},
  pages={189--221},
  year={2015},
  publisher={International Society for Bayesian Analysis}
}

@book{box2011bayesian,
  title={Bayesian inference in statistical analysis},
  author={Box, George EP and Tiao, George C},
  volume={40},
  year={2011},
  publisher={John Wiley \& Sons}
}



@article{cox1987parameter,
  title={Parameter orthogonality and approximate conditional inference},
  author={Cox, David Roxbee and Reid, Nancy},
  journal={Journal of the Royal Statistical Society. Series B (Methodological)},
  pages={1--39},
  year={1987},
  publisher={JSTOR}
}

@article{diciccio1987approximate,
  title={Approximate inference for the generalized gamma distribution},
  author={DiCiccio, TJ},
  journal={Technometrics},
  volume={29},
  number={1},
  pages={33--40},
  year={1987},
  publisher={Taylor \& Francis Group}
}


@book{folland,
   title	= {Real analysis: modern techniques and their applications},
   author	= {Gerald B. Folland},
   address	= {New York},
   publisher	= {Wiley},
   year		= {1999},
   edition	= {2},
}

@article{fonseca2008objective,
  title={Objective Bayesian analysis for the Student-t regression model},
  author={Fonseca, Tha{\'\i}s CO and Ferreira, Marco AR and Migon, Helio S},
  journal={Biometrika},
  volume={95},
  number={2},
  pages={325--333},
  year={2008},
  publisher={Oxford University Press}
}

@book{gamerman2006markov,
  title={Markov chain Monte Carlo: stochastic simulation for Bayesian inference},
  author={Gamerman, Dani and Lopes, Hedibert F},
  year={2006},
  publisher={CRC Press}
}

@article{gelfand1990sampling,
  title={Sampling-based approaches to calculating marginal densities},
  author={Gelfand, Alan E and Smith, Adrian FM},
  journal={Journal of the American statistical association},
  volume={85},
  number={410},
  pages={398--409},
  year={1990},
  publisher={Taylor \& Francis Group}
}


@book{geweke1991evaluating,
  title={Evaluating the accuracy of sampling-based approaches to the calculation of posterior moments},
  author={Geweke, John and others},
  volume={196},
  year={1991},
  publisher={Federal Reserve Bank of Minneapolis, Research Department Minneapolis, MN, USA}
}

@article{hager1970inferential,
  title={Inferential procedures for the generalized gamma distribution},
  author={Hager, Harold W and Bain, Lee J},
  journal={Journal of the American Statistical Association},
  volume={65},
  number={332},
  pages={1601--1609},
  year={1970},
  publisher={Taylor \& Francis}
}


@inproceedings{jeffreys1946invariant,
  title={An invariant form for the prior probability in estimation problems},
  author={Jeffreys, Harold},
  booktitle={Proceedings of the Royal Society of London A: Mathematical, Physical and Engineering Sciences},
  volume={186},
  number={1007},
  pages={453--461},
  year={1946},
  organization={The Royal Society}
}


@article{kass1996selection,
  title={The selection of prior distributions by formal rules},
  author={Kass, Robert E and Wasserman, Larry},
  journal={Journal of the American Statistical Association},
  volume={91},
  number={435},
  pages={1343--1370},
  year={1996},
  publisher={Taylor \& Francis Group}
}

@article{liseo1993elimination,
  title={Elimination of nuisance parameters with reference priors},
  author={Liseo, Brunero},
  journal={Biometrika},
  volume={80},
  number={2},
  pages={295--304},
  year={1993},
  publisher={Biometrika Trust}
}




@article{moala2013bayesian,
  title={Bayesian Inference for Two-Parameter Gamma Distribution Assuming Different Noninformative Priors},
  author={Moala, Fernando Antonio and Ramos, Pedro Luiz and Achcar, Jorge Alberto},
  journal={Revista Colombiana de Estad{\'\i}stica},
  volume={36},
  number={2},
  pages={321--338},
  year={2013}
}

@article{miller1980bayesian,
  title={Bayesian analysis of the two-parameter gamma distribution},
  author={Miller, Robert B},
  journal={Technometrics},
  volume={22},
  number={1},
  pages={65--69},
  year={1980},
  publisher={Taylor \& Francis}
}

@article{mukerjee1993frequentist,
  title={Frequentist validity of posterior quantiles in the presence of a nuisance parameter: higher order asymptotics},
  author={Mukerjee, Rahul and Dey, Dipak K},
  journal={Biometrika},
  volume={80},
  number={3},
  pages={499--505},
  year={1993},
  publisher={Biometrika Trust}
}

@article{northrop2016,
  title={Posterior propriety in Bayesian extreme value analyses using reference priors},
  author={Northrop, PJ and Attalides, N},
  journal={Statistica Sinica},
  volume={26},
  number={2},
  year={2016},
  publisher={Academia Sinica, Institute of Statistical Science}
}

@book{o2006uncertain,
  title={Uncertain judgements: eliciting experts' probabilities},
  author={O'Hagan, Anthony and Buck, Caitlin E and Daneshkhah, Alireza and Eiser, J Richard and Garthwaite, Paul H and Jenkinson, David J and Oakley, Jeremy E and Rakow, Tim},
  year={2006},
  publisher={John Wiley \& Sons}
}

@article{prentice1974log,
  title={A log gamma model and its maximum likelihood estimation},
  author={Prentice, Ross L},
  journal={Biometrika},
  volume={61},
  number={3},
  pages={539--544},
  year={1974},
  publisher={Biometrika Trust}
}

@article{ramos2017bayesian,
  title={Bayesian analysis of the generalized gamma distribution using non-informative priors},
  author={Ramos, Pedro L and Achcar, Jorge A and Moala, Fernando A and Ramos, Eduardo and Louzada, Francisco},
  journal={Statistics},
   volume={51},
  number={4},
  pages={824--843},
  year={2017},
  publisher={Taylor \& Francis}
}

@article{roy2014propriety,
  title={Propriety of posterior distributions arising in categorical and survival models under generalized extreme value distribution},
  author={Roy, Vivekananda and Dey, Dipak K},
  journal={Statistica Sinica},
  pages={699--722},
  year={2014},
  publisher={JSTOR}
}

@article{sun1996frequentist,
  title={Frequentist validity of posterior quantiles for a two-parameter exponential family},
  author={Sun, Dongchu and Ye, Keying},
  journal={Biometrika},
  volume={83},
  number={1},
  pages={55--65},
  year={1996},
  publisher={Biometrika Trust}
}

@article{stacy1962,
  title={A generalization of the gamma distribution},
  author={Stacy, Eo W},
  journal={The Annals of Mathematical Statistics},
  pages={1187--1192},
  year={1962},
  publisher={JSTOR}
}

@article{stacy1965parameter,
  title={Parameter estimation for a generalized gamma distribution},
  author={Stacy, E Webb and Mihram, G Arthur},
  journal={Technometrics},
  volume={7},
  number={3},
  pages={349--358},
  year={1965},
  publisher={Taylor \& Francis}
}


@book{datta2012probability,
  title={Probability matching priors: higher order asymptotics},
  author={Datta, Gauri Sankar and Mukerjee, Rahul},
  volume={178},
  year={2012},
  publisher={Springer Science \& Business Media}
}

@article{tibshirani1989,
  title={Noninformative priors for one parameter of many},
  author={Tibshirani, Robert},
  journal={Biometrika},
  volume={76},
  number={3},
  pages={604--608},
  year={1989},
  publisher={Biometrika Trust}
}

@article{van2001bayes,
  title={Bayes estimates of flood quantiles using the generalised gamma distribution},
  author={Van Noortwijk, Jan M},
  journal={System and Bayesian Reliability},
  pages={351--374},
  year={2001}
}

@article{zellner1,
  title={Maximal Data Information Prior Distributions},
  author={Zellner, Arnold },
  journal={In New Methods in the applications of Bayesian Methods},
  year={1977},
  publisher={ North- Holland, Amsterdam.}
}

@article{zellner2,
  title={Maximal Data Information Prior Distributions},
  author={Zellner, Arnold },
  journal={Basic Issues in Econometrics},
  year={1984},
  publisher={U. of Chicago Press}
}

